<record><leader>00000cas a22000007a 4500</leader><controlfield tag="001">13981342</controlfield><controlfield tag="008">860729d194219uutxucr ne      0    0eng d</controlfield><datafield ind1=" " ind2=" " tag="010"><subfield code="a">sn 86088064 </subfield></datafield><datafield ind1=" " ind2=" " tag="040"><subfield code="a">PPM</subfield><subfield code="b">eng</subfield><subfield code="c">PPM</subfield><subfield code="d">OCLCQ</subfield></datafield><datafield ind1=" " ind2=" " tag="042"><subfield code="a">msc</subfield></datafield><datafield ind1="0" ind2="4" tag="245"><subfield code="a">The Brady standard and heart o' Texas news.</subfield></datafield><datafield ind1=" " ind2=" " tag="260"><subfield code="a">Brady, Tex. :</subfield><subfield code="b">H.F. Schwenker,</subfield><subfield code="c">1942-</subfield></datafield><datafield ind1=" " ind2=" " tag="300"><subfield code="a">v. :</subfield><subfield code="b">ill.</subfield></datafield><datafield ind1=" " ind2=" " tag="310"><subfield code="a">Semiweekly</subfield></datafield><datafield ind1="0" ind2=" " tag="362"><subfield code="a">Vol. 34, no. 65 (Nov. 10, 1942)-</subfield></datafield><datafield ind1=" " ind2=" " tag="580"><subfield code="a">Formed by the union of: Brady standard, and: Heart o' Texas news.</subfield></datafield><datafield ind1=" " ind2=" " tag="752"><subfield code="a">United States</subfield><subfield code="b">Texas</subfield><subfield code="c">McCulloch</subfield><subfield code="d">Brady.</subfield></datafield><datafield ind1="1" ind2="4" tag="780"><subfield code="t">Brady standard</subfield></datafield><datafield ind1="1" ind2="4" tag="780"><subfield code="t">Heart o' Texas news</subfield></datafield></record>